<record><leader>00000cas a22000007a 4500</leader><controlfield tag="001">13072385</controlfield><controlfield tag="008">860128d19161920wiuwr ne      0    0eng d</controlfield><datafield ind1=" " ind2=" " tag="010"><subfield code="a">sn 86086297 </subfield></datafield><datafield ind1=" " ind2=" " tag="040"><subfield code="a">NPV</subfield><subfield code="b">eng</subfield><subfield code="c">NPV</subfield><subfield code="d">OCLCQ</subfield></datafield><datafield ind1=" " ind2=" " tag="042"><subfield code="a">msc</subfield></datafield><datafield ind1=" " ind2=" " tag="045"><subfield code="a">x1x2</subfield></datafield><datafield ind1=" " ind2=" " tag="052"><subfield code="a">4123</subfield><subfield code="b">O2</subfield></datafield><datafield ind1="0" ind2="4" tag="245"><subfield code="a">The Farmer-herald.</subfield></datafield><datafield ind1="1" ind2="7" tag="246"><subfield code="a">Union farmer-herald</subfield><subfield code="f">May 5-19, 1916</subfield></datafield><datafield ind1=" " ind2=" " tag="260"><subfield code="a">Oconto Falls, Oconto County, Wis. :</subfield><subfield code="b">Equity Printing,</subfield><subfield code="c">1916-1920.</subfield></datafield><datafield ind1=" " ind2=" " tag="300"><subfield code="a">5 v. :</subfield><subfield code="b">ill.</subfield></datafield><datafield ind1=" " ind2=" " tag="310"><subfield code="a">Weekly</subfield></datafield><datafield ind1="0" ind2=" " tag="362"><subfield code="a">Vol. 18, no. 48 (May 5, 1916)-v. 22, no. 51 (May 21, 1920).</subfield></datafield><datafield ind1=" " ind2=" " tag="530"><subfield code="a">Available on microfilm from The State Historical Society of Wisconsin.</subfield></datafield><datafield ind1=" " ind2=" " tag="752"><subfield code="a">United States</subfield><subfield code="b">Wisconsin</subfield><subfield code="c">Oconto</subfield><subfield code="d">Oconto Falls.</subfield></datafield><datafield ind1="0" ind2="0" tag="780"><subfield code="t">Union farmer-herald</subfield><subfield code="w">(DLC)sn 86086296</subfield></datafield><datafield ind1="0" ind2="0" tag="785"><subfield code="t">Oconto Falls herald (Oconto Falls, Wis. : 1920)</subfield><subfield code="w">(DLC)sn 86086298</subfield></datafield></record>